<collection xmlns="http://www.loc.gov/MARC21/slim">
<record>
  <leader>02228nam0a2200409 i 450 </leader>
  <controlfield tag="001">IT\ICCU\CNCE\018445</controlfield>
  <controlfield tag="005">20140724000000.0</controlfield>
  <datafield tag="012" ind1=" " ind2=" ">
    <subfield code="a">++i+ rase i.a- ++se (3) 1534 (R)</subfield>
    <subfield code="2">fei</subfield>
  </datafield>
  <datafield tag="100" ind1=" " ind2=" ">
    <subfield code="a">19970101d1534        0itac0103    ba</subfield>
  </datafield>
  <datafield tag="101" ind1=" " ind2=" ">
    <subfield code="a">ITA</subfield>
  </datafield>
  <datafield tag="102" ind1=" " ind2=" ">
    <subfield code="a">IT</subfield>
  </datafield>
  <datafield tag="200" ind1="1" ind2=" ">
    <subfield code="a">Expositione degli insomnii secondo la interpretazione de&apos; Indi, Persi et Egyptii. Tradute de greco in latino per Leone Toschano. Et al presente date in luce per il Tricasso Mantuano</subfield>
  </datafield>
  <datafield tag="210" ind1=" " ind2=" ">
    <subfield code="a">\Venezia</subfield>
    <subfield code="c">Marchionne Sessa il vecchio!</subfield>
    <subfield code="e">Stampate in Vineggia</subfield>
    <subfield code="g">per Marchio Sessa</subfield>
    <subfield code="h">1534</subfield>
  </datafield>
  <datafield tag="215" ind1=" " ind2=" ">
    <subfield code="a">69, \3! c.</subfield>
    <subfield code="d">8ʻ</subfield>
  </datafield>
  <datafield tag="300" ind1=" " ind2=" ">
    <subfield code="a">Opera attribuita sia ad Albumasar sia ad Ibn Sirin Muhammad Abu Bakr</subfield>
  </datafield>
  <datafield tag="620" ind1=" " ind2=" ">
    <subfield code="a">IT</subfield>
    <subfield code="d">Venezia</subfield>
  </datafield>
  <datafield tag="702" ind1=" " ind2="0">
    <subfield code="a">Albumasar</subfield>
    <subfield code="3">IT\ICCU\CNCA\000566</subfield>
  </datafield>
  <datafield tag="702" ind1=" " ind2="1">
    <subfield code="a">Ibn Sirin,</subfield>
    <subfield code="b">Muhammad Abu Baker</subfield>
    <subfield code="3">IT\ICCU\CNCA\008923</subfield>
  </datafield>
  <datafield tag="702" ind1=" " ind2="1">
    <subfield code="a">Tricasso,</subfield>
    <subfield code="b">Patrizio</subfield>
    <subfield code="3">IT\ICCU\CNCA\008929</subfield>
  </datafield>
  <datafield tag="702" ind1=" " ind2="0">
    <subfield code="a">Leone</subfield>
    <subfield code="c"> : da#Pisa</subfield>
    <subfield code="3">IT\ICCU\CNCA\020289</subfield>
  </datafield>
  <datafield tag="712" ind1="0" ind2="0">
    <subfield code="a">Sessa, Melchiorre</subfield>
    <subfield code="c"> &lt;1.&gt;</subfield>
    <subfield code="3">IT\ICCU\CNCT\000057</subfield>
    <subfield code="4">650</subfield>
  </datafield>
  <datafield tag="790" ind1=" " ind2="0">
    <subfield code="a">Abu Ma&apos;shar Ga&apos;Far ibn Muhammad ibn &apos;Umar al-Balkhi</subfield>
    <subfield code="3">IT\ICCU\CNCA\012319</subfield>
    <subfield code="z">Albumasar</subfield>
  </datafield>
  <datafield tag="790" ind1=" " ind2="1">
    <subfield code="a">Gafar ibn Muhammad al -Balkhi,</subfield>
    <subfield code="b">Abu Mashar</subfield>
    <subfield code="3">IT\ICCU\CNCA\012415</subfield>
    <subfield code="z">Albumasar</subfield>
  </datafield>
  <datafield tag="790" ind1=" " ind2="1">
    <subfield code="a">Ja&apos;far ibn Muhammad,</subfield>
    <subfield code="b">Abu Ma&apos;shar</subfield>
    <subfield code="3">IT\ICCU\CNCA\014548</subfield>
    <subfield code="z">Albumasar</subfield>
  </datafield>
  <datafield tag="790" ind1=" " ind2="1">
    <subfield code="a">Ahmad,</subfield>
    <subfield code="b">ibn Sirin</subfield>
    <subfield code="3">IT\ICCU\CNCA\014738</subfield>
    <subfield code="z">Ibn Sirin, Muhammad Abu Baker</subfield>
  </datafield>
  <datafield tag="790" ind1=" " ind2="1">
    <subfield code="a">Tricasso da Cerasari,</subfield>
    <subfield code="b">Patricio</subfield>
    <subfield code="3">IT\ICCU\CNCA\025109</subfield>
    <subfield code="z">Tricasso, Patrizio</subfield>
  </datafield>
  <datafield tag="790" ind1=" " ind2="1">
    <subfield code="a">Tricassus,</subfield>
    <subfield code="b">Patricius</subfield>
    <subfield code="3">IT\ICCU\CNCA\025939</subfield>
    <subfield code="z">Tricasso, Patrizio</subfield>
  </datafield>
  <datafield tag="790" ind1=" " ind2="0">
    <subfield code="a">Tricasso</subfield>
    <subfield code="c"> : Mantuano</subfield>
    <subfield code="3">IT\ICCU\CNCA\026132</subfield>
    <subfield code="z">Tricasso, Patrizio</subfield>
  </datafield>
  <datafield tag="790" ind1=" " ind2="1">
    <subfield code="a">Toscano,</subfield>
    <subfield code="b">Leone</subfield>
    <subfield code="3">IT\ICCU\CNCA\023764</subfield>
    <subfield code="z">Leone : da#Pisa</subfield>
  </datafield>
  <datafield tag="790" ind1=" " ind2="0">
    <subfield code="a">Leo</subfield>
    <subfield code="c"> : Tuscus</subfield>
    <subfield code="3">IT\ICCU\CNCA\023765</subfield>
    <subfield code="z">Leone : da#Pisa</subfield>
  </datafield>
  <datafield tag="791" ind1="0" ind2="0">
    <subfield code="a">Sessa, Marchio</subfield>
    <subfield code="c"> &lt;1.&gt;</subfield>
    <subfield code="3">IT\ICCU\CNCT\005661</subfield>
    <subfield code="z">Sessa, Melchiorre &lt;1.&gt;</subfield>
  </datafield>
  <datafield tag="801" ind1=" " ind2="3">
    <subfield code="a">IT</subfield>
    <subfield code="b">ICCU</subfield>
    <subfield code="c">20201114</subfield>
  </datafield>
  <datafield tag="899" ind1=" " ind2=" ">
    <subfield code="a">Biblioteca comunale Valentiniana. Camerino</subfield>
    <subfield code="1">MC0004</subfield>
    <subfield code="2">UMC BV</subfield>
  </datafield>
  <datafield tag="899" ind1=" " ind2=" ">
    <subfield code="a">Biblioteca comunale Federiciana. Fano</subfield>
    <subfield code="1">PU0018</subfield>
    <subfield code="2">URB FN</subfield>
  </datafield>
  <datafield tag="899" ind1=" " ind2=" ">
    <subfield code="a">Biblioteca nazionale centrale. Roma</subfield>
    <subfield code="1">RM0267</subfield>
    <subfield code="2">BVE CR</subfield>
  </datafield>
  <datafield tag="911" ind1=" " ind2=" ">
    <subfield code="a">Sul front.</subfield>
    <subfield code="9">IT\ICCU\CNCM\000103</subfield>
  </datafield>
  <datafield tag="921" ind1=" " ind2=" ">
    <subfield code="a">IT\ICCU\CNCM\000103</subfield>
    <subfield code="b">Gatto con topo in bocca. Nella cornice del frontespizio.</subfield>
    <subfield code="c">A80</subfield>
    <subfield code="c">Z604</subfield>
    <subfield code="f">GATTO</subfield>
    <subfield code="f">TOPOLINO</subfield>
    <subfield code="g">1527-1552</subfield>
  </datafield>
</record>
</collection>
